<?xml version="1.0" encoding="UTF-8"?><collection xmlns="http://www.loc.gov/MARC21/slim"><record><leader>00600nam--2200181-i-4500</leader><controlfield tag="001">000014158</controlfield><controlfield tag="002">20161230</controlfield><controlfield tag="005">20161230201030</controlfield><controlfield tag="008">060222s1000------------r-----000-0-eng-d</controlfield><datafield ind1=" " ind2=" " tag="040"><subfield code="a">IFIN-HH</subfield></datafield><datafield ind1=" " ind2=" " tag="080"><subfield code="a">534(061.3)</subfield></datafield><datafield ind1="1" ind2=" " tag="100"><subfield code="a">Bianchi, B</subfield></datafield><datafield ind1="1" ind2="0" tag="245"><subfield code="a">Man under vibration</subfield><subfield code="b">Suffering and protection. proceedings of the international cism-iftomm symposium udine,italy apryl 3-6,1979</subfield><subfield code="c">B. Bianchi, K.V. Frolov, A. Oledzki (Eds.)</subfield></datafield><datafield ind1=" " ind2=" " tag="260"><subfield code="a">Warszawa, Pwn-polish Scientific Publishers, 1981</subfield></datafield><datafield ind1=" " ind2=" " tag="300"><subfield code="a">XIV + 437P</subfield></datafield><datafield ind1="1" ind2=" " tag="700"><subfield code="a">Oledzki, A</subfield></datafield><datafield ind1=" " ind2=" " tag="852"><subfield code="a">70036</subfield><subfield code="c">534</subfield></datafield><datafield ind1=" " ind2=" " tag="CAT"><subfield code="a">Sys</subfield><subfield code="c">20101008</subfield><subfield code="h">132319</subfield></datafield></record></collection>